@misc{aiformula,
  key = {001},
  title = {{岡田眞也,秋元優輝,加藤敦,安井裕司,“AI フォーミュラ”,自動車技術会 2024 年春季大会, (2024)}},
  author = {},
  howpublished = {},
}
@misc{aiformula-support,
  title = {{aiformula-support GitHub repository}},
  howpublished = {\url{https://github.com/aiformula-support/aiformula}},
  note = {(Accessed on 12/20/2024)}
}
@misc{aiformula-chibakou,
  author = {},
  title = {{藤野一真，山下響，林原靖男，"千葉工業大学における AI-Formulaの開発と学び" 計測自動制御学会 SI2024, (2024)}},
  howpublished = {},
}
@misc{aiformula-repo,
  title = {{aiformula GitHub repository}},
  howpublished = {\url{https://github.com/open-rdc/aiformula}},
  note = {(Accessed on 12/20/2024)}
}
@misc{ros2,
  author = {ROS 2 Documentation},
  title = {{ROS 2 Documentation}},
  howpublished = {\url{https://docs.ros.org/en/foxy/index.html}},
}
@misc{utm,
  author = {esriジャパン},
  title = {{日本で使用される座標系}},
  howpublished = {\url{https://www.esrij.com/gis-guide/coordinate-and-spatial/coordinate-system-japan/}},
}
@misc{vn-200,
  author = {},
  title = {{VN-200}},
  howpublished = {\url{https://www.vectornav.com/products/detail/vn-200}},
}

@misc{vectornav,
  author = {},
  title = {{vectornav GitHub repository}},
  howpublished = {\url{https://github.com/dawonn/vectornav/tree/ros2}},
}
@misc{aifomrula-sim-chibakou,
  author = {},
  title = {{藤野一真,林原靖男,“AI-Formula 用シミュレータの拡張とそれを用いた自動化ソフトウェアの開発”,計測自動制御学会 SI2024, (2024)}},
  howpublished = {},
}